@misc{RUB,
  author =       {RUB-SysSec},
  title =        {Siemens S7 PLCs Bootloader Arbitrary Code Execution Utility},
  year =         2020,
  note =         {\url{https://github.com/RUB-SysSec/SiemensS7-Bootloader}}
}
@misc{beuth,
  author =       {Patrick Beuth (Spiegel Netzwelt)},
  title =    {{"Stuxnet"-Entdeckung vor zehn Jahren|Die erste Cyberwaffe und ihre Folgen}},
  year =         2020,
  note =         {\url{https://www.spiegel.de/netzwelt/web/die-erste-cyberwaffe-und-ihre-folgen-a-a0ed08c9-5080-4ac2-8518-ed69347dc147}}
}
@misc{statis,
  author =       {Unbekannt},
  title =    {{Siemens Umsatz 2019-2022}},
  year =         2022,
  note =         {\url{https://de.statista.com/statistik/daten/studie/316295/umfrage/umsatz-von-siemens-nach-quartalen/}}
}
@misc{wire,
  author =       {Unbekannt},
  title =    {{Wireshark}},
  year =         {Unbekannt},
  note =         {\url{https://www.wireshark.org/}}
}
@misc{nmap,
  author =       {Unbekannt},
  title =    {{Nmap}},
  year =         {Unbekannt},
  note =         {\url{https://nmap.org/}}
}

  

